<record><leader>00000cas a22000007a 4500</leader><controlfield tag="001">13242221</controlfield><controlfield tag="008">860305d19031970njuwr ne      0    0eng d</controlfield><datafield ind1=" " ind2=" " tag="010"><subfield code="a">sn 85035727 </subfield></datafield><datafield ind1=" " ind2=" " tag="040"><subfield code="a">NPA</subfield><subfield code="b">eng</subfield><subfield code="c">NPA</subfield><subfield code="d">NJW</subfield><subfield code="d">OCLCQ</subfield></datafield><datafield ind1=" " ind2=" " tag="042"><subfield code="a">msc</subfield></datafield><datafield ind1="0" ind2="4" tag="245"><subfield code="a">The Pitman Grove review.</subfield></datafield><datafield ind1=" " ind2=" " tag="260"><subfield code="a">Pitman, N.J. :</subfield><subfield code="b">Paul W. Peterson</subfield></datafield><datafield ind1=" " ind2=" " tag="300"><subfield code="a">v. :</subfield><subfield code="b">ill. ;</subfield><subfield code="c">58 cm.</subfield></datafield><datafield ind1=" " ind2=" " tag="310"><subfield code="a">Weekly,</subfield><subfield code="b">Jan. 1-Feb. 19, 1970</subfield></datafield><datafield ind1=" " ind2=" " tag="321"><subfield code="a">Biweekly,</subfield><subfield code="b">Apr. 2, 1903-Dec. 24, 1969</subfield></datafield><datafield ind1="1" ind2=" " tag="362"><subfield code="a">Began with Apr. 2, 1903 issue; ceased with Feb. 19, 1970 issue.</subfield></datafield><datafield ind1=" " ind2=" " tag="500"><subfield code="a">Published in Blackwood, N.J., Jan. 1-Feb. 19, 1970.</subfield></datafield><datafield ind1=" " ind2=" " tag="588"><subfield code="a">Description based on: 27th yr., no. 45 (July 31, 1929).</subfield></datafield><datafield ind1=" " ind2=" " tag="752"><subfield code="a">United States</subfield><subfield code="b">New Jersey</subfield><subfield code="c">Gloucester</subfield><subfield code="d">Pitman.</subfield></datafield><datafield ind1=" " ind2=" " tag="752"><subfield code="a">United States</subfield><subfield code="b">New Jersey</subfield><subfield code="c">Camden</subfield><subfield code="d">Blackwood.</subfield></datafield><datafield ind1="0" ind2="0" tag="785"><subfield code="t">Review (Pitman, N.J.)</subfield><subfield code="w">(DLC)sn 93060959</subfield><subfield code="w">(OCoLC)28823993</subfield></datafield></record>